<record><leader>00000cas a22000007a 4500</leader><controlfield tag="001">23169570</controlfield><controlfield tag="008">910228d18931901coudn ne      0    0eng d</controlfield><datafield ind1=" " ind2=" " tag="010"><subfield code="a">sn 91052245 </subfield></datafield><datafield ind1=" " ind2=" " tag="040"><subfield code="a">CNQ</subfield><subfield code="b">eng</subfield><subfield code="c">CNQ</subfield><subfield code="d">OCLCQ</subfield></datafield><datafield ind1=" " ind2=" " tag="042"><subfield code="a">msc</subfield></datafield><datafield ind1="0" ind2=" " tag="130"><subfield code="a">Evening telegraph (Colorado Springs, Colo. : 1893)</subfield></datafield><datafield ind1="1" ind2="4" tag="245"><subfield code="a">The evening telegraph.</subfield></datafield><datafield ind1="3" ind2="0" tag="246"><subfield code="a">Sunday telegraph</subfield></datafield><datafield ind1=" " ind2=" " tag="260"><subfield code="a">Colorado Springs, Colo. :</subfield><subfield code="b">H.H. Eddy</subfield></datafield><datafield ind1=" " ind2=" " tag="300"><subfield code="a">v.</subfield></datafield><datafield ind1=" " ind2=" " tag="310"><subfield code="a">Daily (except Sun.)</subfield></datafield><datafield ind1="0" ind2=" " tag="362"><subfield code="a">Vol. 15, no. 182 (Mar. 1, 1893)-v. 23, no. 253 (Apr. 7, 1901).</subfield></datafield><datafield ind1=" " ind2=" " tag="500"><subfield code="a">On Sundays published as: Sunday telegraph, Nov. 18, 1900-Apr. 7, 1901.</subfield></datafield><datafield ind1=" " ind2=" " tag="530"><subfield code="a">Available on microfilm from the Colorado Historical Society.</subfield></datafield><datafield ind1=" " ind2=" " tag="580"><subfield code="a">Weekly ed.: Weekly telegraph (Colorado Springs, Colo.).</subfield></datafield><datafield ind1=" " ind2=" " tag="752"><subfield code="a">United States</subfield><subfield code="b">Colorado</subfield><subfield code="c">El Paso</subfield><subfield code="d">Colorado Springs.</subfield></datafield><datafield ind1="1" ind2=" " tag="775"><subfield code="t">Weekly telegraph (Colorado Springs, Colo.)</subfield><subfield code="w">(DLC)sn 91052279</subfield></datafield><datafield ind1="0" ind2="0" tag="780"><subfield code="t">Republic and telegraph</subfield><subfield code="w">(DLC)sn 86063191</subfield></datafield><datafield ind1="0" ind2="0" tag="785"><subfield code="t">Colorado telegraph</subfield><subfield code="w">(DLC)sn 90051417</subfield></datafield></record>